<record><leader>00000cas a22000007a 4500</leader><controlfield tag="001">20609951</controlfield><controlfield tag="008">891107d19731979mouwr ne      0    0eng d</controlfield><datafield ind1=" " ind2=" " tag="010"><subfield code="a">sn 89067413 </subfield></datafield><datafield ind1=" " ind2=" " tag="040"><subfield code="a">MQN</subfield><subfield code="b">eng</subfield><subfield code="c">MQN</subfield><subfield code="d">OCLCQ</subfield></datafield><datafield ind1=" " ind2=" " tag="042"><subfield code="a">msc</subfield></datafield><datafield ind1="0" ind2="0" tag="245"><subfield code="a">Lockwood luminary Golden City herald.</subfield></datafield><datafield ind1=" " ind2=" " tag="260"><subfield code="a">Lockwood, Mo. :</subfield><subfield code="b">E.R. Wojtkiewicz,</subfield><subfield code="c">1973-1979.</subfield></datafield><datafield ind1=" " ind2=" " tag="300"><subfield code="a">v.</subfield></datafield><datafield ind1=" " ind2=" " tag="310"><subfield code="a">Weekly</subfield></datafield><datafield ind1="0" ind2=" " tag="362"><subfield code="a">Vol. 1, no. 1 (Jan. 11, 1973)-v. 7, no. 41 (Oct. 4, 1979).</subfield></datafield><datafield ind1=" " ind2=" " tag="752"><subfield code="a">United States</subfield><subfield code="b">Missouri</subfield><subfield code="c">Dade</subfield><subfield code="d">Lockwood.</subfield></datafield><datafield ind1="0" ind2="4" tag="780"><subfield code="t">Lockwood luminary</subfield><subfield code="w">(DLC)sn 89067412</subfield></datafield><datafield ind1="0" ind2="4" tag="780"><subfield code="t">Golden City herald</subfield><subfield code="w">(DLC)sn 89067414</subfield></datafield></record>